<?xml version="1.0" encoding="UTF-8"?><record xmlns="http://www.loc.gov/MARC21/slim" xmlns:cinclude="http://apache.org/cocoon/include/1.0" xmlns:zs="http://www.loc.gov/zing/srw/">
  <leader>00374nz  a2200133n  4500</leader>
  <controlfield tag="001">no2010027120</controlfield>
  <controlfield tag="003">DLC</controlfield>
  <controlfield tag="005">20100219075427.0</controlfield>
  <controlfield tag="008">100217n| acannaabn          |n aaa     c</controlfield>
  <datafield tag="010" ind1=" " ind2=" ">
    <subfield code="a">no2010027120</subfield>
  </datafield>
  <datafield tag="035" ind1=" " ind2=" ">
    <subfield code="a">(OCoLC)oca08396930</subfield>
  </datafield>
  <datafield tag="040" ind1=" " ind2=" ">
    <subfield code="a">OhKeUHG</subfield>
    <subfield code="b">eng</subfield>
    <subfield code="c">OhKeUHG</subfield>
  </datafield>
  <datafield tag="100" ind1="1" ind2=" ">
    <subfield code="a">Perry, Christie</subfield>
  </datafield>
  <datafield tag="670" ind1=" " ind2=" ">
    <subfield code="a">El-Dabh, H. Total satisfaction [SR] 2009:</subfield>
    <subfield code="b">label (Christie Perry; flutist)</subfield>
  </datafield>
</record>